@article{shakir2019mcgrad,
  title={Monte Carlo Gradient Estimation in Machine Learning},
  author={Shakir Mohamed and Mihaela Rosca and Michael Figurnov and Andriy Mnih},
  journal={ArXiv},
  year={2019},
  volume={abs/1906.10652}
}

@article{maddison2016poissonprocess,
  title={A Poisson process model for Monte Carlo},
  author={Chris J. Maddison},
  journal={ArXiv},
  year={2016},
  volume={abs/1602.05986}
}

@book{mcbook,
   author = {Art B. Owen},
   year = 2013,
   title = {Monte Carlo theory, methods and examples}
}

@article{grathwohl2017relax,
  author    = {Will Grathwohl and
               Dami Choi and
               Yuhuai Wu and
               Geoffrey Roeder and
               David Duvenaud},
  title     = {Backpropagation through the Void: Optimizing control variates for
               black-box gradient estimation},
  journal   = {CoRR},
  volume    = {abs/1711.00123},
  year      = {2017},
  url       = {http://arxiv.org/abs/1711.00123},
  archivePrefix = {arXiv},
  eprint    = {1711.00123},
  timestamp = {Mon, 22 Jul 2019 14:09:23 +0200},
  biburl    = {https://dblp.org/rec/journals/corr/abs-1711-00123.bib},
  bibsource = {dblp computer science bibliography, https://dblp.org}
}

@article{paulus2020sst,
  title={Gradient Estimation with Stochastic Softmax Tricks},
  author={Max B. Paulus and Dami Choi and Daniel Tarlow and Andreas Krause
    and Chris J. Maddison},
  journal={ArXiv},
  year={2020},
  volume={abs/2006.08063}
}

@inproceedings{xu2018varrp,
  title={Variance Reduction Properties of the Reparameterization Trick},
  author={Ming Xu and Matias Quiroz and Robert Kohn and Scott Anthony Sisson},
  booktitle={AISTATS},
  year={2018}
}
